<?xml version="1.0" encoding="UTF-8"?><record xmlns="http://www.loc.gov/MARC21/slim" xmlns:cinclude="http://apache.org/cocoon/include/1.0" xmlns:zs="http://www.loc.gov/zing/srw/">
  <leader>00532nz  a2200157n  4500</leader>
  <controlfield tag="001">nb2006012432</controlfield>
  <controlfield tag="003">DLC</controlfield>
  <controlfield tag="005">20060526051033.0</controlfield>
  <controlfield tag="008">060525n| acannaabn          |a aaa      </controlfield>
  <datafield tag="010" ind1=" " ind2=" ">
    <subfield code="a">nb2006012432</subfield>
  </datafield>
  <datafield tag="035" ind1=" " ind2=" ">
    <subfield code="a">(Uk)006493126</subfield>
  </datafield>
  <datafield tag="040" ind1=" " ind2=" ">
    <subfield code="a">Uk</subfield>
    <subfield code="b">eng</subfield>
    <subfield code="c">Uk</subfield>
  </datafield>
  <datafield tag="100" ind1="1" ind2=" ">
    <subfield code="a">Bhūshaṇa, Pāṇḍeya Vinaya</subfield>
  </datafield>
  <datafield tag="400" ind1="0" ind2=" ">
    <subfield code="a">Pāṇḍeya Vinaya Bhūshaṇa</subfield>
  </datafield>
  <datafield tag="670" ind1=" " ind2=" ">
    <subfield code="a">Hindī ke naye nāṭakoṃ meṃ prayogatattva, 2004:</subfield>
    <subfield code="b">t.p. (Pāṇḍeya Vinaya Bhūshaṇa)</subfield>
  </datafield>
  <datafield tag="670" ind1=" " ind2=" ">
    <subfield code="a">BL S&amp;C, 25 May 2006</subfield>
    <subfield code="b">(hdg.: Bhūshaṇa, Pāṇḍeya Vinaya)</subfield>
  </datafield>
</record>